<record><leader>00000cas a22000007a 4500</leader><controlfield tag="001">15472040</controlfield><controlfield tag="008">870401c19629999inuwr ne      0    0eng d</controlfield><datafield ind1=" " ind2=" " tag="010"><subfield code="a">sn 87055824 </subfield></datafield><datafield ind1=" " ind2=" " tag="040"><subfield code="a">NPI</subfield><subfield code="b">eng</subfield><subfield code="c">NPI</subfield><subfield code="d">OCLCQ</subfield><subfield code="d">IUL</subfield><subfield code="d">OCLCF</subfield></datafield><datafield ind1=" " ind2=" " tag="042"><subfield code="a">msc</subfield></datafield><datafield ind1=" " ind2=" " tag="043"><subfield code="a">n-us-in</subfield></datafield><datafield ind1="0" ind2="4" tag="245"><subfield code="a">The Mail-journal.</subfield></datafield><datafield ind1=" " ind2=" " tag="260"><subfield code="a">[Milford, Ind.] :</subfield><subfield code="b">Archibald E. Baumgartner,</subfield><subfield code="c">1962-</subfield></datafield><datafield ind1=" " ind2=" " tag="300"><subfield code="a">volumes</subfield></datafield><datafield ind1=" " ind2=" " tag="310"><subfield code="a">Weekly</subfield></datafield><datafield ind1="0" ind2=" " tag="362"><subfield code="a">Vol. 1, no. 1 (Feb. 15, 1962)-</subfield></datafield><datafield ind1=" " ind2=" " tag="500"><subfield code="a">"Serving Syracuse, Milford, North Webster, Leesburg, Lake Wawasee, Dewart Lake, Waubee Lake.</subfield></datafield><datafield ind1=" " ind2="0" tag="651"><subfield code="a">Milford (Kosciusko County, Ind.)</subfield><subfield code="v">Newspapers.</subfield></datafield><datafield ind1=" " ind2="0" tag="651"><subfield code="a">Syracuse (Ind.)</subfield><subfield code="v">Newspapers.</subfield></datafield><datafield ind1=" " ind2="0" tag="651"><subfield code="a">North Webster (Ind.)</subfield><subfield code="v">Newspapers.</subfield></datafield><datafield ind1=" " ind2="0" tag="651"><subfield code="a">Leesburg (Kosciusko County, Ind.)</subfield><subfield code="v">Newspapers.</subfield></datafield><datafield ind1=" " ind2="0" tag="651"><subfield code="a">Wawasee Lake (Ind.)</subfield><subfield code="v">Newspapers.</subfield></datafield><datafield ind1=" " ind2="0" tag="651"><subfield code="a">Dewart Lake (Ind.)</subfield><subfield code="v">Newspapers.</subfield></datafield><datafield ind1=" " ind2="0" tag="651"><subfield code="a">Wabee Lake (Ind.)</subfield><subfield code="v">Newspapers.</subfield></datafield><datafield ind1=" " ind2="0" tag="651"><subfield code="a">Kosciusko County (Ind.)</subfield><subfield code="v">Newspapers.</subfield></datafield><datafield ind1=" " ind2="7" tag="651"><subfield code="a">Indiana</subfield><subfield code="z">Dewart Lake.</subfield><subfield code="2">fast</subfield><subfield code="0">(OCoLC)fst01287366</subfield></datafield><datafield ind1=" " ind2="7" tag="651"><subfield code="a">Indiana</subfield><subfield code="z">Kosciusko County.</subfield><subfield code="2">fast</subfield><subfield code="0">(OCoLC)fst01204084</subfield></datafield><datafield ind1=" " ind2="7" tag="651"><subfield code="a">Indiana</subfield><subfield code="z">Leesburg (Kosciusko County)</subfield><subfield code="2">fast</subfield><subfield code="0">(OCoLC)fst01319203</subfield></datafield><datafield ind1=" " ind2="7" tag="651"><subfield code="a">Indiana</subfield><subfield code="z">Milford Region (Kosciusko County)</subfield><subfield code="2">fast</subfield><subfield code="0">(OCoLC)fst01345912</subfield></datafield><datafield ind1=" " ind2="7" tag="651"><subfield code="a">Indiana</subfield><subfield code="z">North Webster.</subfield><subfield code="2">fast</subfield><subfield code="0">(OCoLC)fst01281796</subfield></datafield><datafield ind1=" " ind2="7" tag="651"><subfield code="a">Indiana</subfield><subfield code="z">Syracuse.</subfield><subfield code="2">fast</subfield><subfield code="0">(OCoLC)fst01218183</subfield></datafield><datafield ind1=" " ind2="7" tag="651"><subfield code="a">Indiana</subfield><subfield code="z">Wabee Lake.</subfield><subfield code="2">fast</subfield><subfield code="0">(OCoLC)fst01287996</subfield></datafield><datafield ind1=" " ind2="7" tag="651"><subfield code="a">Indiana</subfield><subfield code="z">Wawasee Lake.</subfield><subfield code="2">fast</subfield><subfield code="0">(OCoLC)fst01921145</subfield></datafield><datafield ind1=" " ind2="7" tag="655"><subfield code="a">Newspapers.</subfield><subfield code="2">fast</subfield><subfield code="0">(OCoLC)fst01423814</subfield></datafield><datafield ind1=" " ind2=" " tag="752"><subfield code="a">United States</subfield><subfield code="b">Indiana</subfield><subfield code="c">Kosciusko</subfield><subfield code="d">Milford.</subfield></datafield><datafield ind1=" " ind2=" " tag="752"><subfield code="a">United States</subfield><subfield code="b">Indiana</subfield><subfield code="c">Kosciusko</subfield><subfield code="d">Syracuse.</subfield></datafield><datafield ind1="0" ind2="4" tag="780"><subfield code="t">Milford mail</subfield><subfield code="w">(DLC)sn 87055823</subfield><subfield code="w">(OCoLC)15466702</subfield></datafield><datafield ind1="0" ind2="4" tag="780"><subfield code="t">Syracuse-Wawasee journal</subfield><subfield code="w">(DLC)sn 87055829</subfield><subfield code="w">(OCoLC)15472339</subfield></datafield><datafield ind1="0" ind2="5" tag="780"><subfield code="t">Pierceton press</subfield><subfield code="w">(DLC)sn 87055790</subfield><subfield code="w">(OCoLC)15467173</subfield></datafield></record>